% Encoding: UTF-8

@Misc{MGIS,
  author       = {Helfer T.},
  howpublished = {GitHub, github.com/thelfer/MFrontGenericInterfaceSupport},
  title        = {{T}helfer/{M}{F}ront{G}eneric{I}nterface{S}upport},
}

@Misc{MFRONT,
  author       = {Helfer T.},
  howpublished = {Sourceforge, sourceforge.net/projects/tfel},
  title        = {{T}{F}{E}{L}/{M}{F}ront},
}

@Misc{Europlexus,
  howpublished = {Tuleap, codev-tuleap.cea.fr/plugins/git/europlexus/EPX.git},
  title        = {{E}{U}{R}{O}{P}{L}{E}{X}{U}{S} repository},
}

@Comment{jabref-meta: databaseType:bibtex;}
